@ONLINE{top-ten-film-recommenders,
 title = {Top 10 movie recommendation engines},
 url = {http://news.cnet.com/8301-17939_109-10200031-2.html}
}

@ONLINE{Apache-Mahout,
 title = {Apache Mahout},
 url = {http://mahout.apache.org/}
}

@ONLINE{movielens-dataset,
 title = {MovieLens Datasets},
 url = {http://www.grouplens.org/node/73}
}

@ONLINE{slope-one-wiki,
	title = {Slope One},
	url = {http://en.wikipedia.org/wiki/Slope_One}
}

@ONLINE{php-web,
	title = {PHP: Hypertext Processor},
	url = {http://php.net}
}

@ONLINE{gearman-web,
	title = {gearman [Gearman Job Server]},
	url = {http://gearman.org}
}

@TECHREPORT{rmb-collaborative-filtering,
 author = "Ruslan Salakhutdinov and Andriy Mnih and Geoffrey Hinton",
 title = "Restricted Boltzmann Machines for Collaborative Filtering",
 institution = "University of T oronto",
 year = "2007",
 address = "6 King's College Rd., T oronto, Ontario M5S 3G4, Canada"
}

@ARTICLE{collaborative-filtering-som-cbr,
 author = "Tae Hyup Roh and Kyong Joo Oh and Ingoo Han",
 title = "The collaborative filtering recommendation based on SOM cluster-indexing CBR",
 journal = "Expert Systems with Applications",
 year = 2003,
 volume = 25,
 pages = "413â€“423"
}

@ONLINE{introduction-rbm,
 title = {Introduction to Restricted Boltzmann Machines},
 url = {http://blog.echen.me/2011/07/18/introduction-to-restricted-boltzmann-machines/}
}

@ONLINE{brainsins,
 title = {Brainsins},
 url = {http://www.brainsins.com/}
}

@ONLINE{netflix-prize,
 title = {Netflix Prize},
 url = {http://www.netflixprize.com}
}

@ONLINE{mysql-web,
 title = {MySQL},
 url = {http://www.mysql.com}
}