@ARTICLE{Apache-Mahout,
 author = "TEST",
 title = "TEST",
 journal = "TEST"
}
